@article{salonius1981mcf,
  title={{Metabolic capabilities of forest soil microbial populations with reduced species diversity}},
  author={Salonius, PO},
  journal={Soil Biol Biochem},
  volume={13},
  number={1},
  pages={1--10},
  year={1981}
}
@article{baldrian2006flo,
  title={{Fungal laccases-occurrence and properties}},
  author={Baldrian, P.},
  journal={FEMS Microbiology Reviews},
  volume={30},
  number={2},
  pages={215--242},
  year={2006},
  publisher={Blackwell Synergy}
}
@Manual{rcore,
    title = {{R: A Language and Environment for Statistical Computing}},
    author = {{R Development Core Team}},
    organization = {R Foundation for Statistical Computing},
    address = {Vienna, Austria},
    year = {2007},
    note = {{ISBN} 3-900051-07-0},
    url = {http://www.R-project.org},
}
@article{benson2007g,
  title={{GenBank.}},
  author={Benson, D.A. and Karsch-Mizrachi, I. and Lipman, D.J. and Ostell, J. and Wheeler, D.L.},
  journal={Nucleic Acids Research},
  volume={35},
  pages={D21},
  year={2007}
}
@article{mcginnis2004bcp,
  title={{BLAST: at the core of a powerful and diverse set of sequence analysis tools.}},
  author={McGinnis, S. and Madden, T.L.},
  journal={Nucleic Acids Research},
  volume={32},
  pages={W20},
  year={2004}
}


@article{tilman1997pde,
  title={{Plant diversity and ecosystem productivity: Theoretical considerations}},
  author={Tilman, D. and Lehman, C.L. and Thomson, K.T.},
  journal={Proceedings of the National Academy of Sciences},
  volume={94},
  number={5},
  pages={1857},
  year={1997},
  publisher={National Acad Sciences}
}
@article{cox2001efi,
  title={{Effects of fungal inocula on the decomposition of lignin and structural polysaccharides in Pinus sylvestris litter}},
  author={Cox, P. and Wilkinson, SP and Anderson, JM},
  journal={Biology and Fertility of Soils},
  volume={33},
  number={3},
  pages={246--251},
  year={2001}
}

@article{cardinale2006ebf,
  title={{Effects of biodiversity on the functioning of trophic groups and ecosystems.}},
  author={Cardinale, BJ and Srivastava, DS and Duffy, JE and Wright, JP and Downing, AL and Sankaran, M. and Jouseau, C.},
  journal={Nature},
  volume={443},
  number={7114},
  pages={989--92},
  year={2006}
}

@article{setala2004dro,
  title={{Decomposition rate of organic substrates in relation to the species diversity of soil saprophytic fungi}},
  author={Set{\"a}l{\"a}, H and McLean, MA},
  journal={Oecologia},
  volume={139},
  number={1},
  pages={98--107},
  year={2004},
  publisher={Springer}
}


@article{burgert2006emd,
  title={{Exploring the micromechanical design of plant cell walls}},
  author={Burgert, I.},
  journal={American Journal of Botany},
  volume={93},
  number={10},
  pages={1391},
  year={2006},
  publisher={Botanical Soc America}
}
@article{robinson1993ncd,
  title={{Nitrogen and carbon dioxide release by interacting species of  straw-decomposing fungi}},
  author={Robinson, C.H. and J. Dighton and J.C. Frankland and P.A. Coward},
  journal={Soil Biol Biochem},
  volume={13},
  number={1},
  pages={1--10},
  year={1981}
}
@article{toljander2006eff,
  title={{Environmental fluctuations facilitate species co-existence and increase decomposition in communities of wood decay fungi}},
  author={Toljander, Y.K. and B.D. Lindahl and L. Holmer and N.O.S. H{\"o}gberg},
  journal={Oecologia},
  volume={148},
  number={4},
  pages={625--631},
  year={2006},
  publisher={Springer}
}

@article{tiunov2005fir,
  title={{Facilitative interactions rather than resource partitioning drive diversity-functioning relationships in laboratory fungal communities}},
  author={Tiunov, A.V. and Scheu, S.},
  journal={Ecology Letters},
  volume={8},
  number={6},
  pages={618--625},
  year={2005},
  publisher={Blackwell Synergy}
}

@article{read2006pbe,
  title={{Plant biomechanics in an ecological context}},
  author={Read, J. and Stokes, A.},
  journal={American Journal of Botany},
  volume={93},
  number={10},
  pages={1546},
  year={2006},
  publisher={Botanical Soc America}
}
@article{bengtsson1998skd,
  title={{Which species? What kind of diversity? Which ecosystem function? Some problems in studies of relations between biodiversity and ecosystem function}},
  author={Bengtsson, J.},
  journal={Applied Soil Ecology},
  volume={10},
  number={3},
  pages={191--199},
  year={1998},
  publisher={Elsevier}
}
@article{schwartz2000lbe,
  title={{Linking biodiversity to ecosystem function: implications for conservation ecology}},
  author={Schwartz, M.W. and Brigham, C.A. and Hoeksema, J.D. and Lyons, K.G. and Mills, M.H. and van Mantgem, P.J.},
  journal={Oecologia},
  volume={122},
  number={3},
  pages={297--305},
  year={2000},
  publisher={Springer}
}
@article{jiang2008ins,
  title={{On the importance of the negative selection effect for the relationship between biodiversity and ecosystem functioning.}},
  author={Jiang, L. and Pu, Z. and Nemergut, D.R.},
  journal={Oikos},
  volume={117},
  number={4},
  pages={488},
  year={2008}
}


@article{hooper1998epc,
  title={{Effects of plant composition and diversity on nutrient cycling}},
  author={Hooper, D.U. and Vitousek, P.M.},
  journal={Ecological Monographs},
  volume={68},
  number={1},
  pages={121--149},
  year={1998},
  publisher={Ecological Society of America}
}
@article{loreau2001mdp,
  title={{Microbial diversity, producer--decomposer interactions and ecosystem processes: a theoretical model}},
  author={Loreau, M.},
  journal={Proceedings of the Royal Society B: Biological Sciences},
  volume={268},
  number={1464},
  pages={303--309},
  year={2001},
  publisher={The Royal Society}
}


@article{loreau2001bef,
  title={{Biodiversity and Ecosystem Functioning: Current Knowledge and Future Challenges}},
  author={Loreau, M. and Naeem, S. and Inchausti, P. and Bengtsson, J. and Grime, JP and Hector, A. and Hooper, DU and Huston, MA and Raffaelli, D. and Schmid, B. and others},
  journal={Science},
  volume={294},
  number={5543},
  pages={804--808},
  year={2001}
}
@article{baldrian2008dcb,
  title={{Degradation of cellulose by basidiomycetous fungi}},
  author={Baldrian, P. and Valaskova, V.},
  journal={FEMS Microbiology Reviews},
  number={3},
  volume={32},
  year={2008},
  publisher={Blackwell Synergy}
}

@article{hatakka1994lme,
  title={{Lignin-modifying enzymes from selected white-rot fungi: production and role from in lignin degradation}},
  author={Hatakka, A.},
  journal={FEMS Microbiology Reviews},
  volume={13},
  number={2-3},
  pages={125--135},
  year={1994},
  publisher={Blackwell Synergy}
}

@article{novotny2004lfb,
  title={{Ligninolytic fungi in bioremediation: extracellular enzyme production and degradation rate}},
  author={Novotn{\`y}, {\v{C}}. and Svobodov{\'a}, K. and Erbanov{\'a}, P. and Cajthaml, T. and Kasinath, A. and Lang, E. and {\v{S}}a{\v{s}}ek, V.},
  journal={Soil Biology and Biochemistry},
  volume={36},
  number={10},
  pages={1545--1551},
  year={2004},
  publisher={Elsevier}
}

@article{trigiano1979ees,
  title={{Extracellular enzymes of some fungi associated with mushroom culture}},
  author={Trigiano, RN and Fergus, CL},
  journal={Mycologia},
  volume={71},
  number={5},
  pages={908--917},
  year={1979},
  publisher={JSTOR}
}

@article{hooper2005ebe,
  title={{Effects of biodiversity on ecosystem functioning: a consensus of current knowledge}},
  author={Hooper, D.~U. and Chapin III, F.S. and Ewel, J.~J. and Hector, A. and Inchausti, P. and Lavorel, S. and Lawton, J.~H. and Lodge, D.~M. and Loreau, M. and Naeem, S. and B. Schmid and H. Set{\"a}l{\"a} and A.~J. Symstad and J. Vandermeer and D.~A. Wardle},
  journal={Ecological Monographs},
  volume={75},
  number={1},
  pages={3--35},
  year={2005},
  publisher={Ecological Society of America}
}
@article{carey1989smi,
  title={{A selective medium for the isolation of wood-rotting basidiomycetes}},
  author={Carey, J.~K. and Hull, A.V.},
  journal={International biodeterioration},
  volume={25},
  number={5},
  pages={373--376},
  year={1989},
  publisher={Commonwealth Agricultural Bureau}
}
@article{fog1988ean,
  title={{The effect of added nitrogen on the rate of decomposition of organic matter}},
  author={Fog, K.},
  journal={Biological Reviews},
  volume={63},
  number={3},
  pages={433--462},
  year={1988},
  publisher={Blackwell Synergy}
}


@article{loreau2001psc,
  title={{Partitioning selection and complementarity in biodiversity experiments}},
  author={Loreau, M. and Hector, A.},
  journal={Nature},
  volume={412},
  number={6842},
  pages={72--76},
  year={2001}
}
@article{fox2005ise,
  title={{Interpreting the'selection effect'of biodiversity on ecosystem function}},
  author={Fox, J.W.},
  journal={Ecology Letters},
  volume={8},
  number={8},
  pages={846--856},
  year={2005},
  publisher={Blackwell Synergy}
}
@article{treseder2004raf,
  title={{Relationships among fires, fungi, and soil dynamics in Alaskan boreal forests}},
  author={Treseder, K.K. and Mack, M.C. and Cross, A.},
  journal={Ecological Applications},
  volume={14},
  number={6},
  pages={1826--1838},
  year={2004},
  publisher={Ecological Society of America Washington, USA}
}

@article{moorhead2006tml,
  title={{A Theoretical Model of Litter Decay and Microbial Interaction}},
  author={Moorhead, DL and Sinsabaugh, RL},
  journal={Ecological Monographs},
  volume={76},
  number={2},
  pages={151--174},
  year={2006}
}

@Manual{,
       title        = {R: A Language and Environment for Statistical
                       Computing},
       author       = {{R Development Core Team}},
       organization = {R Foundation for Statistical Computing},
       address      = {Vienna, Austria},
       year         = 2008,
       note         = {{ISBN} 3-900051-07-0},
       url          = {http://www.R-project.org}
       }

@article{petchey2006fdb,
  title={{Functional diversity: back to basics and looking forward}},
  author={Petchey, O.L. and Gaston, K.J.},
  journal={Ecology Letters},
  volume={9},
  number={6},
  pages={741--758},
  year={2006},
  publisher={Blackwell Synergy}
}
@article{janzen1995clc,
  title={{A community-level concept of controls on decomposition processes: Decomposition of barley straw by Phanerochaete chrysosporium or Phlebia radiata in pure or mixed culture}},
  author={Janzen, R.A. and Dormaar, J.F. and McGill, W.B.},
  journal={Soil Biology and Biochemistry},
  volume={27},
  number={2},
  pages={173--179},
  year={1995},
  publisher={Elsevier}
}
@article{hedlund2000tis,
  title={{Tritrophic interactions in a soil community enhance decomposition rates.}},
  author={Hedlund, K. and Sj\"{o}gren \"{O}hrn, M.},
  journal={Oikos},
  volume={88},
  number={3},
  pages={585},
  year={2000}
}
@article{dang2005mvp,
  title={{Magnitude and variability of process rates in fungal diversity-litter decomposition relationships}},
  author={Dang, C.K. and Chauvet, E. and Gessner, M.O.},
  journal={Ecology Letters},
  volume={8},
  number={11},
  pages={1129--1137},
  year={2005},
  publisher={Blackwell Synergy}
}

@article{wertz2006msf,
  title={{Maintenance of soil functioning following erosion of microbial diversity}},
  author={Wertz, S. and Degrange, V. and Prosser, J.I. and Poly, F. and Commeaux, C. and Freitag, T. and Guillaumaud, N. and Roux, X.L.},
  journal={Environmental Microbiology},
  volume={8},
  number={12},
  pages={2162--2169},
  year={2006},
  publisher={Blackwell Synergy}
}
@article{sinsabaugh1994rae,
  title={{Resource allocation to extracellular enzyme production: A model for nitrogen and phosphorus control of litter decomposition}},
  author={Sinsabaugh, RL and Moorhead, DL},
  journal={Soil Biology and Biochemistry},
  volume={26},
  number={10},
  pages={1305--1311},
  year={1994}
}

@article{ehrlich2008wdb,
  title={{Where does biodiversity go from here? A grim business-as-usual forecast and a hopeful portfolio of partial solutions}},
  author={Ehrlich, P.R. and Pringle, R.M.},
  journal={Proceedings of the National Academy of Sciences},
  year={2008},
  volume={105}
}
@article{allison2007nfr,
  title={{Nitrogen fertilization reduces diversity and alters community structure of active fungi in boreal ecosystems}},
  author={Allison, S.D. and Hanson, C.A. and Treseder, K.K.},
  journal={Soil Biology and Biochemistry},
  volume={39},
  number={8},
  pages={1878--1887},
  year={2007},
  publisher={Elsevier}
}

@article{allison2006aee,
  title={{Activities of extracellular enzymes in physically isolated fractions of restored grassland soils}},
  author={Allison, S.D. and Jastrow, J.D.},
  journal={Soil Biology and Biochemistry},
  volume={38},
  number={11},
  pages={3245--3256},
  year={2006},
  publisher={Elsevier}
}
@article{allison2009lln,
  title={{Low levels of nitrogen addition stimulate decomposition by boreal forest fungi}},
  author={Allison, S.~D. and D.~S. LeBauer and M.~R. Ofrecio and R. Reyes and A.~M. Ta and T.~M. Tran},
  journal={Soil Biology and Biochemistry, \textit{in press}},
  volume={00},
  number={00},
  pages={0000--0000},
  year={200x},
 }
@article{chapin2000ccb,
  title={{Consequences of changing biodiversity}},
  author={Chapin III, F.S. and Zavaleta, E.S. and Eviner, V.T. and Naylor, R.L. and Vitousek, P.M. and Reynolds, H.L. and Hooper, D.U. and Lavorel, S. and Sala, O.E. and Hobbie, S.E. and others},
  journal={Nature},
  volume={405},
  pages={234--242},
  year={2000}
}

@article{allison2008mas,
  title={{Microbial activity and soil respiration under nitrogen addition in Alaskan boreal forest}},
  author={Allison, S.D. and Czimczik, C.I. and Treseder, K.K.},
  journal={Global Change Biology},
  year={2008},
  volume={14},
  publisher={Blackwell Synergy}
}
@book{solomon2007psb,
  author={IPCC},
  title={{Climate Change 2007: The Physical Science Basis. Contribution of Working Group I to the Fourth Assessment Report of the Intergovernmental Panel on Climate Change}},
  year={2007},
  publisher={Cambridge University Press, Cambridge, United Kingdom and New York, NY, USA}
}

@article{allison2008rrr,
    author  = {Allison, S.D. and J.B.H. Martiny},
    title   = {Resistance, resilience, and redundancy in microbial communities},
    year    = {2008},
    journal = {Proceedings of the National Academy of Sciences},
    volume  = {},
    number  = {},
    pages   = {},
    note = {in press}
}

@article{deacon1985dfp,
  title={{Decomposition of filter paper cellulose by thermophilic fungi acting singly, in combination, and in sequence.}},
  author={Deacon, J.W.},
  journal={Tans. Br. Mycol. Soc.},
  volume={85},
  number={4},
  pages={663--669},
  year={1985}
}
